@article{Deitsch2018,
  author  = {Deitsch, Sergiu and Christlein, Vincent and Berger, Stephan and Buerhop-Lutz, Claudia and Maier, Andreas and Gallwitz, Florian and Riess, Christian},
  year    = {2018},
  month   = {07},
  pages   = {},
  title   = {Automatic Classification of Defective Photovoltaic Module Cells in Electroluminescence Images},
  volume  = {185},
  journal = {Solar Energy},
  doi     = {10.1016/j.solener.2019.02.067},
}

@book{Köntges2014,
  author = {Köntges, Marc and Kurtz, Sarah and Packard, Corinne and Jahn, Ulrike and Berger, Karl and Kato, Kazuhilo and Friesen, Thomas and Liu, Haitao and Van Iseghem, Mike and Wohlgemuth, john and Miller, David and Kempe, Michael and Hacke, Peter and Reil, Florian and Bogdanski, Nicolas and Herrmann, W. and Buerhop, C. and Razongles, Guillaume and Friesen, Gabi},
  year   = {2014},
  month  = {01},
  isbn   = {978-3-906042-16-9},
  pages  = {41-64},
  url    = {https://iea-pvps.org/key-topics/review-of-failures-of-photovoltaic-modules-final/},
  title  = {Review of Failures of Photovoltaic Modules},
}

@online{mbj2022,
  author  = {{MBJ Solutions GmbH}},
  title   = {SolarCell EL-lab},
  year    = {2022},
  url     = {https://mbj-solutions.com/produkte/elektrolumineszenz-systeme/solarcell-el-lab},
  urldate = {2022-05-10},
}

@article{Rodriguez2021,
  author     = {Rodriguez, Alvaro and Gonzalez, Carlos and Fernandez, Andres and Rodriguez, Francisco and Delgado, Tamara and Bellman, Martin},
  title      = {Automatic Solar Cell Diagnosis and Treatment},
  year       = {2021},
  issue_date = {Apr 2021},
  publisher  = {Springer-Verlag},
  address    = {Berlin, Heidelberg},
  volume     = {32},
  number     = {4},
  issn       = {0956-5515},
  url        = {https://doi.org/10.1007/s10845-020-01642-6},
  doi        = {10.1007/s10845-020-01642-6},
  journal    = {J. Intell. Manuf.},
  month      = {apr},
  pages      = {1163–1172},
  numpages   = {10},
}
